@article{hawking1974black,
  title={Black hole explosions?},
  author={Hawking, Stephen W},
  journal={Nature},
  volume={248},
  number={5443},
  pages={30--31},
  year={1974},
  publisher={Nature Publishing Group UK London}
}

@article{yuan2022quantum,
  title={Quantum magnonics: When magnon spintronics meets quantum information science},
  author={Yuan, HY and Cao, Yunshan and Kamra, Akashdeep and Duine, Rembert A and Yan, Peng},
  journal={Physics Reports},
  volume={965},
  pages={1--74},
  year={2022},
  publisher={Elsevier}
}


@article{bulbul2013numerical,
  title={Numerical solution of Duffing equation by using an improved Taylor matrix method},
  author={B{\"u}lb{\"u}l, Berna and Sezer, Mehmet},
  journal={Journal of Applied Mathematics},
  volume={2013},
  year={2013},
  publisher={Hindawi}
}
